@article{Doun1998,
   author = {Dounskaia, N. V. and Swinnen, S. P. and Walter, C. B. and Spaepen, A. J. and Verschueren, S. M. P.},
   title = {Hierarchical control of different elbow-wrist coordination patterns},
   journal = {Experimental Brain Research},
   volume = {121},
   pages = {239-254},
   year = {1998},
   type = {Journal Article}
}

@book{mcelreath2016,
  title={Statistical rethinking, A Bayesian Course with Examples in R and Stan},
  author={McElreath, Richard},
  year=2016,
  edition=1,
  publisher={Boca Raton: CRC Press}
}

@book{kutner2005,
  title={Applied Linear Statistical Models},
  author={Kutner, Michael H and Nachtsheim, Christopher J and Neter, John and Li, William},
  edition=5,
  year=2005,
  publisher={McGraw-Hill Irwin New York}
}

@book{fox2011,
  title={An R companion to applied regression},
  author={Fox, John},
  edition=2,
  year=2011,
  publisher={SAGE Publication Inc., Thousand Oaks}
}

@article{kernighan1984,
  title={The Unix Programming Environment. Prentice hall},
  author={Kernighan, Brian W and Pike, Rob},
  journal={Englewood Cliffs, NY},
  year={1984}
}

@book{brown2014,
  title={Linear Models in Matrix Form},
  author={Brown, Jonathon D},
  year=2014,
  publisher={Springer}
}

@article{bril2010,
  title={The role of expertise in tool use: Skill differences in functional action adaptations to task constraints.},
  author={Bril, Blandine and Rein, Robert and Nonaka, Tetsushi and Wenban-Smith, Francis and Dietrich, Gilles},
  journal={Journal of Experimental Psychology: Human Perception and Performance},
  volume={36},
  number={4},
  pages={825},
  year={2010},
  publisher={American Psychological Association}
}

@article{williams2010,
   author = {Williams, E. M. and Gordon, A. D. and Richmond, B. G.},
   title = {Upper limb kinematics and the role of the wrist during stone tool production},
   journal = {American Journal of Physical Anthropology},
   volume = {143},
   number = {1},
   pages = {134-45},
   ISSN = {1096-8644 (Electronic)
0002-9483 (Linking)},
   DOI = {10.1002/ajpa.21302},
   url = {http://www.ncbi.nlm.nih.gov/entrez/query.fcgi?cmd=Retrieve&db=PubMed&dopt=Citation&list_uids=20734439},
   year = {2010}
}

@book{gelman2020,
  title={Regression and other stories},
  author={Gelman, Andrew and Hill, Jennifer and Vehtari, Aki},
  year={2020},
  publisher={Cambridge University Press}
}

@book{gross2019,
  title={Fat Chance: Probability from 0 to 1},
  author={Gross, Benedict and Harris, Joe and Riehl, Emily},
  year={2019},
  publisher={Cambridge University Press}
}

@article {corman2020,
	author = {Corman, Victor M. and Haage, Verena Claudia and Bleicker, Tobias and Schmidt, Marie Luisa and M{\"u}hlemann, Barbara and Zuchowski, Marta and J{\'o} Lei, Wendy Karen and Tscheak, Patricia and M{\"o}ncke-Buchner, Elisabeth and M{\"u}ller, Marcel A. and Krumbholz, Andi and Drexler, Jan Felix and Drosten, Christian},
	title = {Comparison of seven commercial SARS-CoV-2 rapid Point-of-Care Antigen tests},
	elocation-id = {2020.11.12.20230292},
	year = {2020},
	doi = {10.1101/2020.11.12.20230292},
	publisher = {Cold Spring Harbor Laboratory Press},
	URL = {https://www.medrxiv.org/content/early/2020/11/13/2020.11.12.20230292},
	eprint = {https://www.medrxiv.org/content/early/2020/11/13/2020.11.12.20230292.full.pdf},
	journal = {medRxiv}
}

@book{lambert2018,
  title={A student’s guide to Bayesian statistics},
  author={Lambert, Ben},
  year={2018},
  publisher={Sage}
}

@book{cohen1988,
  title={Statistical power analysis for the behavioral sciences},
  author={Cohen, Jacob},
  year={1988},
  edition=2,
  publisher={Routledge}
}

@article{moon2016,
  title={The effects of goal variation on adult physical activity behaviour},
  author={Moon, Dal-Hyun and Yun, Joonkoo and McNamee, Jeff},
  journal={Journal of sports sciences},
  volume={34},
  number={19},
  pages={1816--1821},
  year={2016},
  publisher={Taylor \& Francis}
}

@book{spiegelhalter2019,
  title={The art of statistics: learning from data},
  author={Spiegelhalter, David},
  year={2019},
  publisher={Penguin UK}
}


@article{Polack2020,
author = {Polack, Fernando P. and Thomas, Stephen J. and Kitchin, Nicholas and Absalon, Judith and Gurtman, Alejandra and Lockhart, Stephen and Perez, John L. and Pérez Marc, Gonzalo and Moreira, Edson D. and Zerbini, Cristiano and Bailey, Ruth and Swanson, Kena A. and Roychoudhury, Satrajit and Koury, Kenneth and Li, Ping and Kalina, Warren V. and Cooper, David and Frenck, Robert W. and Hammitt, Laura L. and Türeci, Özlem and Nell, Haylene and Schaefer, Axel and Ünal, Serhat and Tresnan, Dina B. and Mather, Susan and Dormitzer, Philip R. and Şahin, Uğur and Jansen, Kathrin U. and Gruber, William C.},
title = {Safety and Efficacy of the BNT162b2 mRNA Covid-19 Vaccine},
journal = {New England Journal of Medicine},
volume = {383},
number = {27},
pages = {2603-2615},
year = {2020},
}

@book{hogg,
  title={Introduction to mathematical statistics},
  author={Hogg, Robert V and McKean, Joseph and Craig, Allen T},
  year={2005},
  publisher={Pearson Education}
}

@book{darwin1876,
  title={The Effects of Cross and Self Fertilisation in the Vegetable Kingdom: By Charles Darwin},
  author={Darwin, Charles},
  year={1876},
  publisher={John Murray, Albemarle Street}
}

@article{debanne2011,
  title={Predicting the throwing velocity of the ball in handball with anthropometric variables and isotonic tests},
  author={Debanne, Thierry and Laffaye, Guillaume},
  journal={Journal of Sports Sciences},
  volume={29},
  number={7},
  pages={705--713},
  year={2011},
  publisher={Taylor \& Francis}
}

@article{weaving2019,
  title={Overcoming the problem of multicollinearity in sports performance data: A novel application of partial least squares correlation analysis},
  author={Weaving, Dan and Jones, Ben and Ireton, Matt and Whitehead, Sarah and Till, Kevin and Beggs, Clive B},
  journal={PLoS One},
  volume={14},
  number={2},
  pages={e0211776},
  year={2019},
  publisher={Public Library of Science San Francisco, CA USA}
}

@article{debanne2011,
  title={Predicting the throwing velocity of the ball in handball with anthropometric variables and isotonic tests},
  author={Debanne, Thierry and Laffaye, Guillaume},
  journal={Journal of Sports Sciences},
  volume={29},
  number={7},
  pages={705--713},
  year={2011},
  publisher={Taylor \& Francis}
}

@article{takahashi2019,
  title={Association between trunk and gluteus muscle size and long jump performance},
  author={Takahashi, Katsuki and Wakahara, Taku},
  journal={PloS one},
  volume={14},
  number={11},
  pages={e0225413},
  year={2019},
  publisher={Public Library of Science San Francisco, CA USA}
}

@book{lohr2019,
  title={Sampling: design and analysis},
  author={Lohr, Sharon L},
  year={2019},
  publisher={Chapman and Hall/CRC}
}

@article{crowther2015,
  title={Mapping tree density at a global scale},
  author={Crowther, Thomas W and Glick, Henry B and Covey, Kristofer R and Bettigole, Charlie and Maynard, Daniel S and Thomas, Stephen M and Smith, Jeffrey R and Hintler, Gregor and Duguid, Marlyse C and Amatulli, Giuseppe and others},
  journal={Nature},
  volume={525},
  number={7568},
  pages={201--205},
  year={2015},
  publisher={Nature Publishing Group}
}

@article{glick2016,
  title={Spatially-explicit models of global tree density},
  author={Glick, Henry B and Bettigole, Charlie and Maynard, Daniel S and Covey, Kristofer R and Smith, Jeffrey R and Crowther, Thomas W},
  journal={Scientific data},
  volume={3},
  number={1},
  pages={1--11},
  year={2016},
  publisher={Nature Publishing Group}
}

@article{kaas2011,
  title={Statistical inference: The big picture},
  author={Kass, Robert E},
  journal={Statistical science: a review journal of the Institute of Mathematical Statistics},
  volume={26},
  number={1},
  pages={1},
  year={2011},
  publisher={NIH Public Access}
}

@article{olson1998,
  title={The Global 200: a representation approach to conserving the Earth's most biologically valuable ecoregions},
  author={Olson, David M and Dinerstein, Eric},
  journal={Conservation biology},
  volume={12},
  number={3},
  pages={502--515},
  year={1998},
  publisher={JSTOR}
}

@article{altman1995,
  title={Statistics notes: Absence of evidence is not evidence of absence},
  author={Altman, Douglas G and Bland, J Martin},
  journal={Bmj},
  volume={311},
  number={7003},
  pages={485},
  year={1995},
  publisher={British Medical Journal Publishing Group}
}

@book{ellis2010,
  title={The essential guide to effect sizes: Statistical power, meta-analysis, and the interpretation of research results},
  author={Ellis, Paul D},
  year={2010},
  publisher={Cambridge university press}
}

@misc{wasserstein2016,
  title={The ASA statement on p-values: context, process, and purpose},
  author={Wasserstein, Ronald L and Lazar, Nicole A},
  year={2016},
  publisher={Taylor \& Francis}
}

@book{cumming2013,
  title={Understanding the new statistics: Effect sizes, confidence intervals, and meta-analysis},
  author={Cumming, Geoff},
  year={2013},
  publisher={Routledge}
}

@book{rasch12009,
  title={Quantitative Methoden 1. Einf{\"u}hrung in die Statistik f{\"u}r Psychologen und Sozialwissenschaftler},
  author={Rasch, Bj{\"o}rn and Friese, Malte and Hofmann, Wilhelm Johann and Naumann, Ewald},
  year={2009},
  publisher={Springer-Verlag}
}

@article{stevens1946,
  title={On the theory of scales of measurement},
  author={Stevens, Stanley Smith and others},
  year={1946},
  publisher={Bobbs-Merrill, College Division}
}

@article{takeda2014,
  title={Kinematic analysis of the backstroke start: differences between backstroke specialists and non-specialists},
  author={Takeda, Tsuyoshi and Itoi, Osamu and Takagi, Hideki and Tsubakimoto, Shozo},
  journal={Journal of sports sciences},
  volume={32},
  number={7},
  pages={635--641},
  year={2014},
  publisher={Taylor \& Francis}
}

@article{nara2021,
  title={Does different timing of hip and knee joint extension during take-off affect backstroke start performance?},
  author={Nara, Rio and Ikeda, Yusuke and Shimojo, Hirofumi and Sato, Daisuke and Ichikawa, Hiroshi and Baba, Yasuhiro and Shimoyama, Yoshimitsu},
  journal={Sports Biomechanics},
  pages={1--12},
  year={2021},
  publisher={Taylor \& Francis}
}

@article{levene2003,
  title={Obituary: Howard Levene},
  author={Dood Kalicharan},
  journal={IMS Bulletin},
  pages={11},
  year={2003},
  publisher={Institute of Mathematical Statistics}
}

@book{christensen2018,
  title={Analysis of variance, design, and regression: Linear modeling for unbalanced data},
  author={Christensen, Ronald},
  year={2018},
  publisher={CRC Press}
}

@article{lakens2013,
  title={Calculating and reporting effect sizes to facilitate cumulative science: a practical primer for t-tests and ANOVAs},
  author={Lakens, Dani{\"e}l},
  journal={Frontiers in psychology},
  volume={4},
  pages={863},
  year={2013},
  publisher={Frontiers}
}

@article{delacre2017,
  title={Why psychologists should by default use Welch’s t-test instead of Student’s t-test},
  author={Delacre, Marie and Lakens, Dani{\"e}l and Leys, Christophe},
  journal={International Review of Social Psychology},
  volume={30},
  number={1},
  year={2017},
  publisher={Ubiquity Press}
}

@book{field2018,
  title={Discovering statistics using SPSS},
  author={Field, Andy},
  year={2018},
  publisher={Sage publications},
  edition=5
}

@book{warne2021,
  title={Statistics for the social sciences: A general linear model approach},
  author={Warne, Russell T},
  year={2021},
  publisher={Cambridge University Press},
  edition=2
}

@book{hand2016,
  title={Measurement: A very short introduction},
  author={Hand, David J},
  year={2016},
  publisher={Oxford University Press}
}

@inproceedings{lakatos1968,
  title={Criticism and the methodology of scientific research programmes},
  author={Lakatos, Imre},
  booktitle={Proceedings of the Aristotelian society},
  volume={69},
  pages={149--186},
  year={1968},
  organization={JSTOR}
}

@article{wang2019,
  title={Effectiveness of daily use of bilateral custom-made ankle-foot orthoses on balance, fear of falling, and physical activity in older adults: a randomized controlled trial},
  author={Wang, Changhong and Goel, Rahul and Rahemi, Hadi and Zhang, Qianzi and Lepow, Brian and Najafi, Bijan},
  journal={Gerontology},
  volume={65},
  number={3},
  pages={299--307},
  year={2019},
  publisher={Karger Publishers}
}

@article{iacono2018,
  title={Hip thrust-based PAP effects on sprint performance of soccer players: heavy-loaded versus optimum-power development protocols},
  author={Dello Iacono, Antonio and Seitz, Laurent B},
  journal={Journal of sports sciences},
  volume={36},
  number={20},
  pages={2375--2382},
  year={2018},
  publisher={Taylor \& Francis}
}

@article{shephard2003,
  title={Regression to the mean},
  author={Shephard, Roy J},
  journal={Sports medicine},
  volume={33},
  number={8},
  pages={575--584},
  year={2003},
  publisher={Springer}
}

@article{chuang1993,
  title={The regression fallacy},
  author={Chuang-Stein, Christy},
  journal={Drug Information Journal},
  volume={27},
  number={4},
  pages={1213--1220},
  year={1993},
  publisher={SAGE Publications Sage CA: Los Angeles, CA}
}

@article{chuang1997,
  title={The impact and implication of regression to the mean on the design and analysis of medical investigations},
  author={Chuang-Stein, Christy and Tong, Donald M},
  journal={Statistical Methods in Medical Research},
  volume={6},
  number={2},
  pages={115--128},
  year={1997},
  publisher={Sage Publications Sage CA: Thousand Oaks, CA}
}

@article{chester1995,
  title={The relationship between change and initial value: the continuing problem of regresion to the mean},
  author={Chester, MR and Bland, M and Chen, L and Kaski, JC},
  journal={European heart journal},
  volume={16},
  number={2},
  pages={289--289},
  year={1995},
  publisher={Oxford University Press}
}

@article{galton1886,
  title={Regression towards mediocrity in hereditary stature.},
  author={Galton, Francis},
  journal={The Journal of the Anthropological Institute of Great Britain and Ireland},
  volume={15},
  pages={246--263},
  year={1886},
  publisher={JSTOR}
}

@book{venables2013,
  title={Modern applied statistics with S-PLUS},
  author={Venables, William N and Ripley, Brian D},
  year={2013},
  publisher={Springer Science \& Business Media}
}

@article{pos_simple_regression,
  title={Points of Significance: Simple linear regression.},
  author={Altman, Naomi and Krzywinski, Martin},
  journal={Nature methods},
  volume={12},
  number={11},
  year={2015}
}

@article{pos_design_comp_exp,
  title={Points of view: designing comparative experiments},
  author={Krzywinski, Martin and Altman, Naomi},
  journal={Nature methods},
  volume={11},
  number={6},
  pages={597--598},
  year={2014}
}

@article{pos_residuals,
  title={Points of significance: regression diagnostics},
  author={Altman, Naomi and Krzywinski, Martin},
  journal={Nature Methods},
  volume={13},
  number={5},
  pages={385--386},
  year={2016},
  publisher={Nature Publishing Group}
}

@article{pos_diagnostics,
  title={Points of significance: Analyzing outliers: influential or nuisance},
  author={Altman, Naomi and Krzywinski, Martin},
  journal={Nature Methods},
  volume={13},
  number={4},
  pages={281--282},
  year={2016},
  publisher={Nature Publishing Group}
}

@article{pos_multiple_regression,
  title={Points of significance: Multiple linear regression},
  author={Altman, Naomi and Krzywinski, Martin},
  journal={Nature Methods},
  volume={12},
  number={12},
  pages={1103--1104},
  year={2015},
  publisher={Nature Publishing Group}
}

@article{pos_aov_2f,
  title={Two-factor designs: when multiple factors can affect a system, allowing for interaction can increase sensitivity},
  author={Krzywinski, Martin},
  journal={Nature Methods},
  volume={11},
  number={12},
  pages={1187--1189},
  year={2014},
  publisher={Nature Publishing Group}
}

@book{dean1999,
  title={Design and analysis of experiments},
  author={Dean, Angela and Voss, Daniel and Dragulji{\'c}, Danel and others},
  volume={1},
  year={1999},
  publisher={Springer}
}

@book{lawson2014,
  title={Design and Analysis of Experiments with R},
  author={Lawson, John},
  volume={115},
  year={2014},
  publisher={CRC press}
}

@book{montgomery1997,
  title={Design and analysis of experiments},
  author={Montgomery, Douglas C},
  year={1997},
  publisher={John wiley \& Sons},
  edition={4}
}

@article{jadczak2019,
  title={Comparison of static and dynamic balance at different levels of sport competition in professional and junior elite soccer players},
  author={Jadczak, Lukasz and Grygorowicz, Monika and Dzudzinski, Witold and Sliwowski, Robert},
  journal={The Journal of Strength \& Conditioning Research},
  volume={33},
  number={12},
  pages={3384--3391},
  year={2019},
  publisher={LWW}
}

@article{pos_blocking,
  title={Points of significance: Analysis of variance and blocking.},
  author={Krzywinski, Martin and Altman, Naomi},
  journal={nature methods},
  volume={11},
  number={7},
  pages={699--700},
  year={2014}
}

@article{higgins2011cochrane,
  title={The Cochrane Collaboration’s tool for assessing risk of bias in randomised trials},
  author={Higgins, Julian PT and Altman, Douglas G and G{\o}tzsche, Peter C and J{\"u}ni, Peter and Moher, David and Oxman, Andrew D and Savovi{\'c}, Jelena and Schulz, Kenneth F and Weeks, Laura and Sterne, Jonathan AC},
  journal={Bmj},
  volume={343},
  year={2011},
  publisher={British Medical Journal Publishing Group}
}

@book{borenstein2021,
  title={Introduction to meta-analysis},
  author={Borenstein, Michael and Hedges, Larry V and Higgins, Julian PT and Rothstein, Hannah R},
  year={2021},
  publisher={John Wiley \& Sons}
}

@article{norman1989,
  title={Issues in the use of change scores in randomized trials},
  author={Norman, Geoffrey R},
  journal={Journal of clinical epidemiology},
  volume={42},
  number={11},
  pages={1097--1105},
  year={1989},
  publisher={Elsevier}
}

@article{daCosta2013,
  title={Combining follow-up and change data is valid in meta-analyses of continuous outcomes: a meta-epidemiological study},
  author={da Costa, Bruno R and N{\"u}esch, Eveline and Rutjes, Anne W and Johnston, Bradley C and Reichenbach, Stephan and Trelle, Sven and Guyatt, Gordon H and J{\"u}ni, Peter},
  journal={Journal of clinical epidemiology},
  volume={66},
  number={8},
  pages={847--855},
  year={2013},
  publisher={Elsevier}
}

@book{card2015,
  title={Applied meta-analysis for social science research},
  author={Card, Noel A},
  year={2015},
  publisher={Guilford Publications}
}

@article{young2019,
  title={Channeling fisher: Randomization tests and the statistical insignificance of seemingly significant experimental results},
  author={Young, Alwyn},
  journal={The Quarterly Journal of Economics},
  volume={134},
  number={2},
  pages={557--598},
  year={2019},
  publisher={Oxford University Press}
}

@article{fu2016,
   author = {Fu, R. and Holmer, H. K.},
   title = {Change score or follow-up score? Choice of mean difference estimates could impact meta-analysis conclusions},
   journal = {J Clin Epidemiol},
   volume = {76},
   pages = {108-17},
   ISSN = {1878-5921 (Electronic)
0895-4356 (Linking)},
   DOI = {10.1016/j.jclinepi.2016.01.034},
   url = {D:/sciebo/database/3082.pdf},
   year = {2016},
   type = {Journal Article}
}

@article{morris2002,
   author = {Morris, S. B. and DeShon, R. P.},
   title = {Combining effect size estimates in meta-analysis with repeated measures and independent-groups designs},
   journal = {Psychol Methods},
   volume = {7},
   number = {1},
   pages = {105-25},
   ISSN = {1082-989X (Print)
1082-989X (Linking)},
   DOI = {10.1037/1082-989x.7.1.105},
   url = {D:/sciebo/database/3083.pdf},
   year = {2002},
   type = {Journal Article}
}

@article{morris2008,
  title={Estimating effect sizes from pretest-posttest-control group designs},
  author={Morris, Scott B},
  journal={Organizational research methods},
  volume={11},
  number={2},
  pages={364--386},
  year={2008},
  publisher={Sage Publications Sage UK: London, England}
}

@article{borenstein2010,
  title={A basic introduction to fixed-effect and random-effects models for meta-analysis},
  author={Borenstein, Michael and Hedges, Larry V and Higgins, Julian PT and Rothstein, Hannah R},
  journal={Research synthesis methods},
  volume={1},
  number={2},
  pages={97--111},
  year={2010},
  publisher={Wiley Online Library}
}

@article{nikolakopoulou2014,
   author = {Nikolakopoulou, A. and Mavridis, D. and Salanti, G.},
   title = {Demystifying fixed and random effects meta-analysis},
   journal = {Evid Based Ment Health},
   volume = {17},
   number = {2},
   pages = {53-7},
   ISSN = {1468-960X (Electronic)
1362-0347 (Linking)},
   DOI = {10.1136/eb-2014-101795},
   url = {D:/sciebo/database/3100.pdf},
   year = {2014}
}

@article{hedge1981,
   author = {Hedges, Larry V.},
   title = {Distribution Theory for Glass's Estimator of Effect size and Related Estimators},
   journal = {Journal of Educational Statistics},
   volume = {6},
   number = {2},
   pages = {107-128},
   ISSN = {0362-9791},
   DOI = {10.3102/10769986006002107},
   url = {D:/sciebo/database/3062.pdf},
   year = {1981},
}

@article{jackson2017,
  title={The Hartung-Knapp modification for random-effects meta-analysis: a useful refinement but are there any residual concerns?},
  author={Jackson, Dan and Law, Martin and R{\"u}cker, Gerta and Schwarzer, Guido},
  journal={Statistics in medicine},
  volume={36},
  number={25},
  pages={3923--3934},
  year={2017},
  publisher={Wiley Online Library}
}

@article{higgins2003,
  title={Measuring inconsistency in meta-analyses},
  author={Higgins, Julian PT and Thompson, Simon G and Deeks, Jonathan J and Altman, Douglas G},
  journal={Bmj},
  volume={327},
  number={7414},
  pages={557--560},
  year={2003},
  publisher={British Medical Journal Publishing Group}
}

@article{sterne2011,
  title={Recommendations for examining and interpreting funnel plot asymmetry in meta-analyses of randomised controlled trials},
  author={Sterne, Jonathan AC and Sutton, Alex J and Ioannidis, John PA and Terrin, Norma and Jones, David R and Lau, Joseph and Carpenter, James and R{\"u}cker, Gerta and Harbord, Roger M and Schmid, Christopher H and others},
  journal={Bmj},
  volume={343},
  year={2011},
  publisher={British Medical Journal Publishing Group}
}

@inbook{baumgartner1989,
   author = {Baumgartner, Ted A.},
   title = {Norm-referenced measurement: Reliability},
   booktitle = {Measurement concepts in physical education and exercise science},
   editor = {Safrit, Margaret J and Wood, Terry M},
   publisher = {Human Kinetics Books },
   address = {Champaign},
   chapter = {3},
   pages = {45-72},
   ISBN = {0873222237},
   year = {1989}
}

@article{hopkins2000,
   author = {Hopkins, W. G.},
   title = {Measures of reliability in sports medicine and science},
   journal = {Sports Med},
   volume = {30},
   number = {1},
   pages = {1-15},
   ISSN = {0112-1642 (Print)
0112-1642 (Linking)},
   DOI = {10.2165/00007256-200030010-00001},
   url = {D:/sciebo/database/3120.pdf},
   year = {2000}
}

@article{liljequist2019,
   author = {Liljequist, D. and Elfving, B. and Skavberg Roaldsen, K.},
   title = {Intraclass correlation - A discussion and demonstration of basic features},
   journal = {PLoS One},
   volume = {14},
   number = {7},
   pages = {e0219854},
   ISSN = {1932-6203 (Electronic)
1932-6203 (Linking)},
   DOI = {10.1371/journal.pone.0219854},
   url = {D:/sciebo/database/3119.pdf},
   year = {2019}
}

@article{atkinson2000,
   author = {Atkinson, G. and Nevill, A.},
   title = {Typical error versus limits of agreement},
   journal = {Sports Med},
   volume = {30},
   number = {5},
   pages = {375-81},
   ISSN = {0112-1642 (Print)
0112-1642 (Linking)},
   DOI = {10.2165/00007256-200030050-00005},
   url = {D:/sciebo/database/3114.pdf},
   year = {2000}
}

@article{bland1999,
   author = {Bland, J. M. and Altman, D. G.},
   title = {Measuring agreement in method comparison studies},
   journal = {Stat Methods Med Res},
   volume = {8},
   number = {2},
   pages = {135-60},
   ISSN = {0962-2802 (Print)
0962-2802 (Linking)},
   DOI = {10.1177/096228029900800204},
   url = {D:/sciebo/database/3108.pdf},
   year = {1999}
}

@article{atkinson1998,
   author = {Atkinson, G. and Nevill, A. M.},
   title = {Statistical methods for assessing measurement error (reliability) in variables relevant to sports medicine},
   journal = {Sports Med},
   volume = {26},
   number = {4},
   pages = {217-38},
   ISSN = {0112-1642 (Print)
0112-1642 (Linking)},
   DOI = {10.2165/00007256-199826040-00002},
   url = {D:/sciebo/database/3109.pdf},
   year = {1998}
}

@article{qin2019,
   author = {Qin, S. and Nelson, L. and McLeod, L. and Eremenco, S. and Coons, S. J.},
   title = {Assessing test-retest reliability of patient-reported outcome measures using intraclass correlation coefficients: recommendations for selecting and documenting the analytical formula},
   journal = {Qual Life Res},
   volume = {28},
   number = {4},
   pages = {1029-1033},
   ISSN = {1573-2649 (Electronic)
0962-9343 (Linking)},
   DOI = {10.1007/s11136-018-2076-0},
   url = {D:/sciebo/database/3112.pdf},
   year = {2019}
}

@article{brown2007,
   author = {Brown, Emily and O’Donoghue, Peter},
   title = {Relating reliability to analytical goals in performance analysis},
   journal = {International Journal of Performance Analysis in Sport},
   volume = {7},
   number = {1},
   pages = {28-34},
   ISSN = {2474-8668},
   DOI = {10.1080/24748668.2007.11868385},
   url = {D:/sciebo/database/3111.pdf},
   year = {2007}
}

@article{fraser1990,
   author = {Fraser, C. G. and Hyltoft Peterson, P. and Larsen, M. L.},
   title = {Setting analytical goals for random analytical error in specific clinical monitoring situations},
   journal = {Clinical Chemistry},
   volume = {36},
   number = {9},
   pages = {1625-1628},
   ISSN = {0009-9147},
   DOI = {10.1093/clinchem/36.9.1625},
   url = {D:/sciebo/database/3115.pdf},
   year = {1990}
}

@book{moosbrugger2020,
   author = {Moosbrugger, Helfried and Kelava, Augustin},
   title = {Testtheorie und Fragebogenkonstruktion},
   publisher = {Springer},
   edition = {3},
   year = {2020}
}

@article{denegar1993,
   author = {Denegar, Craig R and Ball, Donald W},
   title = {Assessing reliability and precision of measurement: an introduction to intraclass correlation and standard error of measurement},
   journal = {Journal of sport rehabilitation},
   volume = {2},
   number = {1},
   pages = {35-42},
   ISSN = {1543-3072},
   url = {D:/sciebo/database/3110.pdf},
   year = {1993}
}

@article{marus2019,
   author = {Maurus, P. and Asmussen, M. J. and Cigoja, S. and Nigg, S. R. and Nigg, B. M.},
   title = {The Submaximal Lateral Shuffle Test: A reliability and sensitivity analysis},
   journal = {J Sports Sci},
   volume = {37},
   number = {18},
   pages = {2066-2074},
   ISSN = {1466-447X (Electronic)
0264-0414 (Linking)},
   DOI = {10.1080/02640414.2019.1620988},
   url = {D:/sciebo/database/3123.pdf},
   year = {2019},
}

@article{fonseca2022,
   author = {Fonseca, M. and Bergere, M. and Candido, J. and Leboeuf, F. and Dumas, R. and Armand, S.},
   title = {The Conventional Gait Model’s sensitivity to lower-limb marker placement},
   journal = {Scientific Reports},
   volume = {12},
   number = {1},
   pages = {14207},
   ISSN = {2045-2322},
   DOI = {10.1038/s41598-022-18546-5},
   url = {https://doi.org/10.1038/s41598-022-18546-5},
   year = {2022},
}

@article{eisner2021,
   author = {Eisner, D. A.},
   title = {Pseudoreplication in physiology: More means less},
   journal = {J Gen Physiol},
   volume = {153},
   number = {2},
   ISSN = {1540-7748 (Electronic)
0022-1295 (Print)
0022-1295 (Linking)},
   DOI = {10.1085/jgp.202012826},
   year = {2021},
}


@book{papula2016,
  title={Mathematik f{\"u}r Ingenieure und Naturwissenschaftler Band 3},
  author={Papula, Lothar},
  year={2016},
  publisher={Springer}
}

@article{mayo2018,
  title={Statistical inference as severe testing},
  author={Mayo, Deborah G},
  journal={Cambridge, UK: Cambridge Univ. Press Access provided by Katholieke Universiteit Leuven-KU Leuven on},
  volume={10},
  number={25},
  pages={21},
  year={2018}
}

@article{thomas2004,
  title={A process for systematically reviewing the literature: providing the research evidence for public health nursing interventions},
  author={Thomas, BH and Ciliska, Donna and Dobbins, Maureen and Micucci, S},
  journal={Worldviews on Evidence-Based Nursing},
  volume={1},
  number={3},
  pages={176--184},
  year={2004},
  publisher={Wiley Online Library}
}

@online{ephpp,
  author = {Effective Public Healthcare Panacea Project},
  title = {Quality Assessment Tool for Quantitative Studies},
  year = 2010,
  url = {https://https://www.ephpp.ca/quality-assessment-tool-for-quantitative-studies/},
  urldate = {2022}
}

@article{verhagen1998,
  title={The Delphi list: a criteria list for quality assessment of randomized clinical trials for conducting systematic reviews developed by Delphi consensus},
  author={Verhagen, Arianne P and De Vet, Henrica CW and De Bie, Robert A and Kessels, Alphons GH and Boers, Maarten and Bouter, Lex M and Knipschild, Paul G},
  journal={Journal of clinical epidemiology},
  volume={51},
  number={12},
  pages={1235--1241},
  year={1998},
  publisher={Elsevier}
}

@book{maxwell2004,
  title={Designing experiments and analyzing data: A model comparison perspective},
  author={Maxwell, Scott E and Delaney, Harold D and Kelley, Ken},
  year={2004},
  publisher={Routledge},
  edition={2}
}

@article{kadlec2022,
  title={With Great Power Comes Great Responsibility: Common Errors in Meta-Analyses and Meta-Regressions in Strength \& Conditioning Research},
  author={Kadlec, Daniel and Sainani, Kristin L and Nimphius, Sophia},
  journal={Sports Medicine},
  pages={1--13},
  year={2022},
  publisher={Springer}
}

@article{hoaglin2015,
  title={Misunderstandings about Q and ‘Cochran's Q test'in meta-analysis},
  author={Hoaglin, David C},
  journal={Statistics in medicine},
  volume={35},
  number={4},
  pages={485--495},
  year={2016},
  publisher={Wiley Online Library}
}

@article{rucker2008,
  title={Undue reliance on I 2 in assessing heterogeneity may mislead},
  author={R{\"u}cker, Gerta and Schwarzer, Guido and Carpenter, James R and Schumacher, Martin},
  journal={BMC medical research methodology},
  volume={8},
  number={1},
  pages={1--9},
  year={2008},
  publisher={Springer}
}

@article{judge2016,
  title={Influence of postactivation potentiation on shot put performance of collegiate throwers},
  author={Judge, Lawrence W and Bellar, David M and Craig, Bruce W and Gilreath, Erin L and Cappos, Scott A and Thrasher, Ashley B},
  journal={The Journal of Strength \& Conditioning Research},
  volume={30},
  number={2},
  pages={438--445},
  year={2016},
  publisher={LWW}
}

@book{cunningham2021,
  title={Causal inference - The Mixtape},
  author={Cunningham, Scott},
  booktitle={Causal Inference},
  year={2021},
  publisher={Yale University Press}
}

@book{mead1990,
  title={The design of experiments: statistical principles for practical applications},
  author={Mead, Roger},
  year={1990},
  publisher={Cambridge University Press}
}

@article{fry2014,
   author = {Fry, D. J.},
   title = {Teaching Experimental Design},
   journal = {Ilar Journal},
   volume = {55},
   number = {3},
   pages = {457-471},
   ISSN = {1084-2020},
   DOI = {10.1093/ilar/ilu031},
   year = {2014}
}

@article{lazic2018,
  title={What exactly is ‘N’in cell culture and animal experiments?},
  author={Lazic, Stanley E and Clarke-Williams, Charlie J and Munaf{\`o}, Marcus R},
  journal={PLoS biology},
  volume={16},
  number={4},
  pages={e2005282},
  year={2018},
  DOI = {10.1371/journal.pbio.2005282},
  publisher={Public Library of Science San Francisco, CA USA}
}

@article{dello2018,
  title={Effect of contact and no-contact small-sided games on elite handball players},
  author={Dello Iacono, Antonio and Martone, Domenico and Zagatto, Alessandro Moura and Meckel, Yoav and Sindiani, Mahmood and Milic, Mirjana and Padulo, Johnny},
  journal={Journal of Sports Sciences},
  volume={36},
  number={1},
  pages={14--22},
  year={2018},
  publisher={Taylor \& Francis}
}

@article{nelder1998,
   author = {Nelder, J. A.},
   title = {The great mixed-model muddle is alive and flourishing, alas!},
   journal = {Food Qualitiy and Preference},
   volume = {9},
   number = {3},
   pages = {157-159},
   year = {1998}
}

@article{nelder1977,
   author = {Nelder, J. A.},
   title = {A reformulation of linear models},
   journal = {Journal of the Royal Statistical Society A},
   volume = {140},
   number = {1},
   pages = {48-77},
   year = {1977}
}

@article{hector2010,
  title={Analysis of variance with unbalanced data: an update for ecology \& evolution},
  author={Hector, Andy and Von Felten, Stefanie and Schmid, Bernhard},
  journal={Journal of animal ecology},
  volume={79},
  number={2},
  pages={308--316},
  year={2010},
  publisher={Wiley Online Library}
}

@electronic{gelman2018, 
  title={You need 16 times the sample size to estimate an interaction than to estimate a main effect},
  author={Gelman, Andrew},
  year={2018},
  url={https://statmodeling.stat.columbia.edu/2018/03/15/need-16-times-sample-size-estimate-interaction-estimate-main-effect/},
  journal={Statistical Modeling, Causal Inference, and Social Science},
  originalyear={15.03.2018},
  urldate={03.01.2023}
}

@electronic{lakens2020, 
  title={Effect Sizes and Power for Interactions in ANOVA Designs},
  author={Lakens, Daniel},
  year={2020},
  url={http://daniellakens.blogspot.com/2020/03/effect-sizes-and-power-for-interactions.html},
  journal={The 20\% Statistician},
  originalyear={29.03.2020},
  urldate={03.01.2023}
}

@article{levin1994,
   author = {Levin, Joel R and Serlin, Ronald C and Seaman, Michael A},
   title = {A controlled, powerful multiple-comparison strategy for several situations},
   journal = {Psychological Bulletin},
   volume = {115},
   number = {1},
   pages = {153},
   ISSN = {1939-1455},
   year = {1994}
}

@article{gelman2006,
   author = {Gelman, Andrew and Stern, Hal},
   title = {The Difference Between “Significant” and “Not Significant” is not Itself Statistically Significant},
   journal = {The American Statistician},
   volume = {60},
   number = {4},
   pages = {328-331},
   ISSN = {0003-1305},
   year = {2006}
}

@article{nelder1994,
  title={The statistics of linear models: back to basics},
  author={Nelder, John A},
  journal={Statistics and computing},
  volume={4},
  number={4},
  pages={221--234},
  year={1994},
  publisher={Springer}
}

@article{rothman1990,
   author = {Rothman, K. J.},
   title = {No adjustments are needed for multiple comparisons},
   journal = {Epidemiology},
   volume = {1},
   number = {1},
   pages = {43-6},
   ISSN = {1044-3983 (Print)
1044-3983 (Linking)},
   year = {1990},
}

@article{feise2002,
   author = {Feise, R. J.},
   title = {Do multiple outcome measures require p-value adjustment?},
   journal = {BMC Med Res Methodol},
   volume = {2},
   pages = {8},
   ISSN = {1471-2288 (Electronic)
1471-2288 (Linking)},
   DOI = {10.1186/1471-2288-2-8},
   year = {2002}
}

@article{pierce2004,
   author = {Pierce, Charles A. and Block, Richard A. and Aguinis, Herman},
   title = {Cautionary Note on Reporting Eta-Squared Values from Multifactor ANOVA Designs},
   journal = {Educational and Psychological Measurement},
   volume = {64},
   number = {6},
   pages = {916-924},
   DOI = {10.1177/0013164404264848},
   year = {2004},
}

@article{levine2002,
   author = {Levine, Timothy R. and Hullett, Craig R.},
   title = {Eta Squared, Partial Eta Squared, and Misreporting of Effect Size in Communication Research},
   journal = {Human Communication Research},
   volume = {28},
   number = {4},
   pages = {612-625},
   ISSN = {1468-2958},
   DOI = {10.1111/j.1468-2958.2002.tb00828.x},
   year = {2002},
}

@article{shephard2003,
  title={Regression to the mean},
  author={Shephard, Roy J},
  journal={Sports medicine},
  volume={33},
  number={8},
  pages={575--584},
  year={2003},
  publisher={Springer}
}

@book{kaltenbach2021,
  title={Statistical Design and Analysis of Biological Experiments},
  author={Kaltenbach, Hans-Michael and others},
  year={2021},
  publisher={Springer}
}


@book{blitzstein2015,
  title={Introduction to probability},
  author={Blitzstein, Joseph K and Hwang, Jessica},
  year={2015},
  publisher={Crc Press Boca Raton, FL}
}

@book{hollander2013,
  title={Nonparametric statistical methods},
  author={Hollander, Myles and Wolfe, Douglas A and Chicken, Eric},
  year={2013},
  publisher={John Wiley \& Sons}
}

@book{wild2000,
  title={Chance encounters: A first course in data analysis and inference},
  author={Wild, Christopher J and Seber, Georg AF},
  year={2000},
  publisher={Wiley Press}
}

@article{sharpe2015,
  title={Chi-square test is statistically significant: Now what?},
  author={Sharpe, Donald},
  journal={Practical Assessment, Research, and Evaluation},
  volume={20},
  number={1},
  pages={8},
  year={2015}
}

@book{warne2020,
  title={Statistics for the social sciences: a general linear model approach},
  author={Warne, Russell T},
  year={2020},
  publisher={Cambridge University Press}
}

@article{wilkinson1973,
   author = {Wilkinson, G. N. and Rogers, C. E.},
   title = {Symbolic description of factorial models for analysis of variance},
   journal = {Applied Statistics},
   volume = {22},
   number = {3},
   pages = {392-399},
   year = {1973}
}

@book{chambers2008,
  title={Software for data analysis: programming with R},
  author={Chambers, John M},
  volume={2},
  number={1},
  year={2008},
  publisher={Springer}
}

@book{dalgaard2008,
  title={Introductory statistics with R},
  author={Dalgaard, Peter},
  year={2008},
  publisher={Springer}
}

@book{peng2016,
  title={R programming for data science},
  author={Peng, Roger D},
  year={2016},
  publisher={Leanpub Victoria, BC, Canada}
}

@book{wickham2023,
  title={R for data science},
  author={Wickham, Hadley and {\c{C}}etinkaya-Rundel, Mine and Grolemund, Garrett},
  year={2023},
  publisher={" O'Reilly Media, Inc."}
}

@misc{boes2019,
  author="{ Bös, Klaus}",
  title={{Fitnessbarometer Baden-Würtemberg 2017}},
  year={2019},
  copyright={CC-BY-SA 4.0},
  doi="10.35097/1701"
}

@book{chang2018,
  title={R graphics cookbook: practical recipes for visualizing data},
  author={Chang, Winston},
  year={2018},
  publisher={O'Reilly Media}
}

@book{healy2018,
  title={Data visualization: a practical introduction},
  author={Healy, Kieran},
  year={2018},
  publisher={Princeton University Press}
}

@book{wickham2009,
  title={ggplot2: Elegant graphics for data analysis},
  author={Wickham, Hadley},
  year={2009},
  publisher={Springer, New York, NY}
}

@book{goos2011,
  title={Optimal design of experiments: a case study approach},
  author={Goos, Peter and Jones, Bradley},
  year={2011},
  publisher={John Wiley \& Sons}
}

@book{box2005,
  title={Statistics for experimenters},
  author={Box, George EP and Hunter, J Stuart and Hunter, William G and others},
  booktitle={Wiley series in probability and statistics},
  year={2005},
  publisher={Wiley Hoboken, NJ}
}

@article{hurlbert1984,
   author = {Hurlbert, S. H.},
   title = {Pseudoreplication and the Design of Ecological Field Experiments},
   journal = {Ecological Monographs},
   volume = {54},
   number = {2},
   pages = {187-211},
   ISSN = {0012-9615},
   DOI = {10.2307/1942661},
   year = {1984}
}

@article{silverman2004,
   author = {Silverman, S.},
   title = {Analyzing data from field research: the unit of analysis issue},
   journal = {Res Q Exerc Sport},
   volume = {75},
   number = {2},
   pages = {iii-iv},
   ISSN = {0270-1367 (Print)
0270-1367 (Linking)},
   DOI = {10.1080/02701367.2004.10609141},
   year = {2004}
}

@article{coleman2023,
  author = {Max Coleman and Ryan Burke and Cristina Benavente and Alec Piñero and Francesca Augustin and Jaime Maldonado and James P. Fisher and Douglas Oberlin and Andrew D. Vigotsky and Brad J. Schoenfeld},
  title = {Supervision during resistance training positively influences muscular adaptations in resistance-trained individuals},
  journal = {Journal of Sports Sciences},
  volume = {41},
  number = {12},
  pages = {1207-1217},
  year = {2023},
  publisher = {Routledge},
  doi = {10.1080/02640414.2023.2261090}
}

@article{greenland2016,
  title={Statistical tests, P values, confidence intervals, and power: a guide to misinterpretations},
  author={Greenland, Sander and Senn, Stephen J and Rothman, Kenneth J and Carlin, John B and Poole, Charles and Goodman, Steven N and Altman, Douglas G},
  journal={European journal of epidemiology},
  volume={31},
  pages={337--350},
  year={2016},
  publisher={Springer}
}

@article{hoekstra2014,
  title={Robust misinterpretation of confidence intervals},
  author={Hoekstra, Rink and Morey, Richard D and Rouder, Jeffrey N and Wagenmakers, Eric-Jan},
  journal={Psychonomic bulletin \& review},
  volume={21},
  pages={1157--1164},
  year={2014},
  publisher={Springer}
}

@article{button2013,
   author = {Button, K. S. and Ioannidis, J. P. and Mokrysz, C. and Nosek, B. A. and Flint, J. and Robinson, E. S. and Munafo, M. R.},
   title = {Power failure: why small sample size undermines the reliability of neuroscience},
   journal = {Nat Rev Neurosci},
   volume = {14},
   number = {5},
   pages = {365-76},
   ISSN = {1471-0048 (Electronic)
1471-003X (Linking)},
   DOI = {10.1038/nrn3475},
   year = {2013},
}

@article{kroes2023,
   author = {Kroes, A. D. A. and Finley, J. R.},
   title = {Demystifying omega squared: Practical guidance for effect size in common analysis of variance designs},
   journal = {Psychol Methods},
   ISSN = {1939-1463 (Electronic)
1082-989X (Linking)},
   DOI = {10.1037/met0000581},
   year = {2023},
}

@article{wilson2022,
author = {Matthew Wilson and Lewis J Macgregor and Jackson Fyfe and Angus M Hunter and D Lee Hamilton and Iain J Gallagher},
title = {Bayesian analysis of changes in standing horizontal and vertical jump after different modes of resistance training},
journal = {Journal of Sports Sciences},
volume = {40},
number = {15},
pages = {1700-1711},
year = {2022},
publisher = {Routledge},
doi = {10.1080/02640414.2022.2100676},
}

@article{milanese2011,
  title={Anthropometry and body composition of female handball players according to competitive level or the playing position},
  author={Milanese, Chiara and Piscitelli, Francesco and Lampis, Chiara and Zancanaro, Carlo},
  journal={Journal of sports sciences},
  volume={29},
  number={12},
  pages={1301--1309},
  year={2011},
  publisher={Taylor \& Francis},
  doi = {10.1080/02640414.2011.591419}
}

@article{pickett2021,
  title={Pacing and stroke kinematics in 200-m kayak racing},
  author={Pickett, Craig W and Abbiss, Chris and Zois, James and Blazevich, Anthony J},
  journal={Journal of Sports Sciences},
  volume={39},
  number={10},
  pages={1096--1104},
  year={2021},
  publisher={Taylor \& Francis}
}

@article{riechman2002,
  title={Prediction of 2000 m indoor rowing performance using a 30 s sprint and maximal oxygen uptake},
  author={Riechman, Steven E and Zoeller, Robert F and Balasekaran, G and Goss, Fredric L and Robertson, Robert J},
  journal={Journal of Sports Sciences},
  volume={20},
  number={9},
  pages={681--687},
  year={2002},
  publisher={Taylor \& Francis}
}

@article{djulbegovic2007,
   author = {Djulbegovic, B. and Hozo, I.},
   title = {When should potentially false research findings be considered acceptable?},
   journal = {PLoS Med},
   volume = {4},
   number = {2},
   pages = {e26},
   ISSN = {1549-1676 (Electronic)
1549-1277 (Print)
1549-1277 (Linking)},
   DOI = {10.1371/journal.pmed.0040026},
   year = {2007}
}

@article{levine2002,
   author = {Levine, Timothy R. and Hullett, Craig R.},
   title = {Eta Squared, Partial Eta Squared, and Misreporting of Effect Size in Communication Research},
   journal = {Human Communication Research},
   volume = {28},
   number = {4},
   pages = {612-625},
   ISSN = {1468-2958},
   DOI = {10.1111/j.1468-2958.2002.tb00828.x},
   year = {2002}
}

@article{olejnik2003,
   author = {Olejnik, S. and Algina, J.},
   title = {Generalized eta and omega squared statistics: measures of effect size for some common research designs},
   journal = {Psychol Methods},
   volume = {8},
   number = {4},
   pages = {434-47},
   ISSN = {1082-989X (Print)
1082-989X (Linking)},
   DOI = {10.1037/1082-989X.8.4.434},
   year = {2003}
}
